@book{BOOK:ESL,
  author = {Hastie, Trevor and Tibshirani, Robert and Friedman, Jerome},
  biburl = {https://www.bibsonomy.org/bibtex/2f58afc5c9793fcc8ad8389824e57984c/sb3000},
  publisher = {Springer New York Inc.},
  title = {The Elements of Statistical Learning},
  year = 2001
}

@book{BOOK:RST,
  author = {Aggarwal, Charu C.},
  title = {Recommender Systems: The Textbook},
  isbn = {3319296574, 9783319296579},
  edition = {1st},
  publisher = {Springer Publishing Company, Incorporated},
  year = 2016
} 
